% This file was created with JabRef 2.7b.
% Encoding: UTF-8

@ARTICLE{emotionsbraintorobot,
  author = {Arbib M.A., Fellous J. M.},
  title = {Emotions: from brain to robot},
  journal = {Trends in Cognitive Sciences},
  year = {2004},
  volume = {8(12)},
  pages = {554-559},
  owner = {max},
  timestamp = {2013.07.24}
}

@ARTICLE{neuromodulatory,
  author = {Fellous J.M.,},
  title = {Neuromodulatory basis of emotion},
  journal = {The Neuro-scientist},
  year = {1999},
  volume = {5},
  pages = {283-294},
  owner = {max},
  timestamp = {2013.07.24}
}

@BOOK{,
  title = {Affect imagery consciousness volume III the negative affects anger
	and fear.},
  year = {1991},
  editor = {New York: Springer Publishing Company.},
  author = {Tomkins S.,},
  owner = {max},
  timestamp = {2013.07.24}
}

@ARTICLE{,
  author = {Tomkins S.,},
  title = {The quest for primary motives: biography and autobiography of an
	idea.},
  journal = {J Pers Soc Psychol,},
  year = {1981},
  volume = {41},
  pages = {306-335},
  owner = {max},
  timestamp = {2013.07.24}
}

@BOOK{,
  title = {Affect imagery consciousness volume II the negative affects.},
  publisher = {New York: Springer Publishing Company},
  year = {1963},
  author = {Tomkins S.,},
  owner = {max},
  timestamp = {2013.07.24}
}

@BOOK{,
  title = {Affect imagery consciousness volume I the positive affects},
  publisher = {New York: Springer Publishing Company},
  year = {1962},
  author = {Tomkins S.,},
  owner = {max},
  timestamp = {2013.07.24}
}

@comment{jabref-meta: selector_publisher:}

@comment{jabref-meta: selector_author:}

@comment{jabref-meta: selector_journal:}

@comment{jabref-meta: selector_keywords:}

