% This file was created with JabRef 2.10.
% Encoding: UTF-8


@Electronic{Neurogrid,
  Title                    = {Stanford bioengineers create circuit board modeled on the human brain},
  Author                   = {Tom Aabate},
  HowPublished             = {web},
  Language                 = {English},
  Month                    = {04},
  Organization             = {Stanford University},
  Url                      = {http://news.stanford.edu/pr/2014/pr-neurogrid-boahen-engineering-042814.html},
  Year                     = {2014},

  Owner                    = {talanovm},
  Timestamp                = {2014.05.01}
}

@Article{anatomic,
  Title                    = {Anatomic and functional topography of the dorsal raphe nucleus},
  Author                   = {Abrams, J.K. and Johnson, P.L. and Hollis, J.H. and Lowry, C.A.},
  Journal                  = {Ann. N. Y. Acad. Sci},
  Year                     = {2004},
  Pages                    = {46–57},
  Volume                   = {1018},

  Owner                    = {max},
  Timestamp                = {2013.07.29}
}

@Conference{roleofemotions,
  Title                    = {Affective Cognitive Learning and Decision Making: The Role of Emotions},
  Author                   = {Hyungil Ahn and Rosalind W. Picard},
  Booktitle                = {The 18th European Meeting on Cybernetics and Systems Research (EMCSR 2006)},
  Year                     = {2006},

  Owner                    = {max},
  Timestamp                = {2013.07.24}
}

@Conference{motivationalrewardframework,
  Title                    = {Affective Cognitive Learning and Decision Making: A Motivational Reward Framework For Affective Agents},
  Author                   = {Hyungil Ahn and Rosalind W. Picard},
  Booktitle                = {The 1st International Conference on Affective Computing and Intelligent Interaction, October 22-24, 2005, Beijing,},
  Year                     = {2005},

  Owner                    = {max},
  Timestamp                = {2013.07.24}
}

@Article{emotionsbraintorobot,
  Title                    = {Emotions: from brain to robot},
  Author                   = {Michael Arbib and Jean-Marc Fellous},
  Journal                  = {Trends in Cognitive Sciences},
  Year                     = {2004},
  Pages                    = {554-559},
  Volume                   = {8(12)},

  Owner                    = {max},
  Timestamp                = {2013.07.24}
}

@Article{parsingreward,
  Title                    = {Parsing Reward.},
  Author                   = {Kent C. Berridge and Terry E. Robinson},
  Journal                  = {Trends in Neurosciences},
  Year                     = {2003},
  Volume                   = {26(9)},

  Owner                    = {max},
  Timestamp                = {2013.07.24}
}

@Book{emotionandsociable,
  Title                    = {Emotion and sociable humanoid robots},
  Author                   = {Cynthia Breazeal},
  Editor                   = {Elsevier Science},
  Year                     = {2002},

  Owner                    = {max},
  Timestamp                = {2013.07.24}
}

@Book{senticcomputing,
  Title                    = {Sentic Computing. Techniques, Tools, and Applications},
  Author                   = {Erik Cambria and Amir Hussain},
  Publisher                = {Springer},
  Year                     = {2012},

  Owner                    = {max},
  Timestamp                = {2013.07.24}
}

@InBook{hourglass,
  Title                    = {Cognitive Behavioural Systems},
  Author                   = {Erik Cambria and Andrew Livingstone and Amir Hussain},
  Chapter                  = {The Hourglass of Emotions},
  Pages                    = {144-157},
  Publisher                = {Springer},
  Year                     = {2012},

  Owner                    = {max},
  Timestamp                = {2013.07.24}
}

@Article{neuromodulatory,
  Title                    = {The neuromodulatory basis of emotion},
  Author                   = {Jean-Marc Fellous},
  Journal                  = {The Neuro-scientist},
  Year                     = {1999},
  Pages                    = {283-294},
  Volume                   = {5},

  Owner                    = {max},
  Timestamp                = {2013.07.24}
}

@Article{evaluatingcomutationalmodel,
  Title                    = {Evaluating a Computational Model of Emotion},
  Author                   = {Jonathan Gratch and Stacy Marsella},
  Journal                  = {Autonomous Agents and Multi-Agent Systems},
  Year                     = {2005},
  Pages                    = {23-43},
  Volume                   = {11},

  Owner                    = {max},
  Timestamp                = {2013.07.24}
}

@Electronic{RIKEN,
  Title                    = {Largest neuronal network simulation achieved using K computer},
  Author                   = {Ryutaro Himeno},
  HowPublished             = {web},
  Language                 = {English},
  Month                    = {08},
  Organization             = {RIKEN},
  Url                      = {http://www.riken.jp/en/pr/press/2013/20130802_1/},
  Year                     = {2013},

  Owner                    = {talanovm},
  Timestamp                = {2014.04.14}
}

@Article{primer_affect_psychology,
  Title                    = {A primer of affect psychology},
  Author                   = {Vernon C. Kelly},
  Year                     = {2009},

  Address                  = {http://www.tomkins.org/uploads/Primer_of_Affect_Psychology.pdf},
  HowPublished             = {on-line},
  Language                 = {English},
  Organization             = {The Tomkins Institute.},
  Owner                    = {max},
  Timestamp                = {2014.01.03},
  Url                      = {http://www.tomkins.org/uploads/Primer_of_Affect_Psychology.pdf}
}

@InProceedings{affectivemodelofinterplay,
  Title                    = {An Affective Model of Interplay Between Emotions and Learning: Reengineering Educational Pedagogy-Building a Learning Companion},
  Author                   = {Barry Kort and Rob Reilly and Rosalind W. Picard},
  Booktitle                = {In Proceedings of International Conference on Advanced Learning Technologies (ICALT 2001)},
  Year                     = {2001},

  Owner                    = {max},
  Timestamp                = {2013.07.24}
}

@InCollection{threelevel,
  Title                    = {A Three-Level Cognitive Architecture for the Simulation of HumanBehaviour},
  Author                   = {Othalia Larue and Pierre Poirier and Roger Nkambou},
  Booktitle                = {Advances in Artificial Intelligence},
  Publisher                = {Springer Berlin Heidelberg},
  Year                     = {2012},
  Pages                    = {337-342},

  Owner                    = {max},
  Timestamp                = {2013.07.24}
}

@Article{computationalmodelsemotionscognition,
  Title                    = {Computational Models of Emotion and Cognition},
  Author                   = {Jerry Lin and Marc Spraragen and Michael Zyda},
  Journal                  = {Advances in Cognitive Systems},
  Year                     = {2012},
  Pages                    = {59-76},
  Volume                   = {2},

  Owner                    = {max},
  Timestamp                = {2013.07.24}
}

@Article{cubeofemotions,
  Title                    = {A new three-dimensional model for emotions and monoamine neurotransmitters},
  Author                   = {Hugo Lovheim},
  Journal                  = {Medical Hypotheses 78},
  Year                     = {2012},
  Pages                    = {341-348},
  Volume                   = {78},

  Owner                    = {max},
  Timestamp                = {2013.07.24}
}

@InProceedings{dont_worry_be_happy,
  Title                    = {Modeling Coping Behavior in Virtual Humans: Don’t Worry, Be Happy},
  Author                   = {Stacy Marsella and Jonathan Gratch},
  Booktitle                = {Appears in the 2nd International Joint Conference on Autonomous Agents and Multiagent Systems},
  Year                     = {2003},

  Owner                    = {talanovm},
  Timestamp                = {2014.01.07}
}

@InCollection{computationalmodelsemotion,
  Title                    = {Computational Models of Emotion},
  Author                   = {Stacy Marsella and Jonathan Gratch and Paolo Petta},
  Booktitle                = {A blueprint for a affective computing: A sourcebook and manual.},
  Publisher                = {Oxford: Oxford University Press},
  Year                     = {2010},
  Editor                   = {Scherer, K.R. and Bänziger, T. and Roesch, E.},

  Journal                  = {Scherer, K.R., Bänziger, T., \& Roesch, E. (Eds.) A blueprint for a affective computing: A sourcebook and manual},
  Owner                    = {max},
  Timestamp                = {2013.07.24}
}

@Book{emotionmachine,
  Title                    = {The Emotion Machine: Commonsense Thinking, Artificial Intelligence, and the Future of the Human Mind},
  Author                   = {Marvin Minsky},
  Publisher                = {Simon \& Schuster},
  Year                     = {2007},

  Owner                    = {max},
  Timestamp                = {2013.07.25}
}

@Electronic{SyNAPSE,
  Title                    = {Neurosynaptic chips},
  Author                   = {Dharmendra Modha},
  HowPublished             = {web},
  Language                 = {English},
  Organization             = {IBM},
  Url                      = {http://www.research.ibm.com/cognitive-computing/neurosynaptic-chips.shtml#fbid=f1HQ57tWR3E},

  Owner                    = {talanovm},
  Timestamp                = {2014.04.14}
}

@InCollection{whatdoesitmeanforcomputer,
  Title                    = {What Does it Mean for a Computer to "have" Emotions?},
  Author                   = {Rosalind W. Picard},
  Booktitle                = {Emotions in Humans and Artifacts},
  Year                     = {2001},
  Editor                   = {Trappl, R. and Petta, P. and Payr S.},

  Owner                    = {max},
  Timestamp                = {2013.07.24}
}

@Article{affectivecomputingchallanges,
  Title                    = {Affective Computing: Challenges},
  Author                   = {Rosalind W. Picard},
  Journal                  = {International Journal of Human-Computer Studies},
  Year                     = {2003},
  Pages                    = {55-64},
  Volume                   = {59},

  Owner                    = {max},
  Timestamp                = {2013.07.24}
}

@TechReport{affectivecomputing,
  Title                    = {Affective Computing},
  Author                   = {Rosalind W. Picard},
  Institution              = {M.I.T Media Laboratory Perceptual Computing Section},
  Year                     = {1995},

  Owner                    = {max},
  Timestamp                = {2013.07.24}
}

@Article{natureofemotions,
  Title                    = {The Nature of Emotions},
  Author                   = {Robert Plutchik},
  Journal                  = {American Scientist},
  Year                     = {2001},
  Pages                    = {344-350},
  Volume                   = {89(4)},

  Owner                    = {max},
  Timestamp                = {2013.07.24}
}

@Article{appraisal_determinants_of_emotions,
  Title                    = {Appraisal Determinants of Emotions: Constructing a More Accurate and Comprehensive Theory.},
  Author                   = {Ira Roseman},
  Journal                  = {Cognition \& Emotion},
  Year                     = {1996},
  Pages                    = {241 -278},
  Volume                   = {10: 3},

  Owner                    = {talanovm},
  Timestamp                = {2014.01.07}
}

@Article{appraisal_considered_as_a_process,
  Title                    = {Appraisal Considered as a Process of Multilevel Sequential Checking.},
  Author                   = {Scherer, K. R.},
  Journal                  = {Appraisal Processes in Emotion: Theory, Methods, Research},
  Year                     = {2001},
  Pages                    = {pp. 92-120},

  Owner                    = {talanovm},
  Timestamp                = {2014.01.07}
}

@Article{putting_appraisal_in_context,
  Title                    = {Putting appraisal in context: Toward a relational model of appraisal and emotion},
  Author                   = {Craig A. Smith and Leslie D. Kirby},
  Journal                  = {Cognition \& Emotion},
  Year                     = {2009},
  Pages                    = {1352-1372},
  Volume                   = {23:7},

  Owner                    = {talanovm},
  Timestamp                = {2014.01.07}
}

@Article{computational_emotional_thinking,
  Title                    = {Computational emotional thinking and virtual neurotransmitters},
  Author                   = {Max Talanov and Alexander Toschev},
  Journal                  = {International Journal of Synthetic Emotions (IJSE)},
  Year                     = {2014},
  Volume                   = {5(1)},

  Owner                    = {max},
  Timestamp                = {2014.01.12}
}

@Article{sex_differencies,
  Title                    = {Sex Differences in Coping Behavior: A Meta-Analytic Review and an Examination of Relative Coping},
  Author                   = {Lisa K. Tamres and Denise Janicki and Vicki S. Helgeson},
  Journal                  = {Personality and Social Psychology Review},
  Year                     = {2002},
  Volume                   = {6: 2},

  Institution              = {Personality and Social Psychology Review},
  Owner                    = {talanovm},
  Timestamp                = {2014.01.08}
}

@Book{tomkins3,
  Title                    = {Affect imagery consciousness volume III the negative affects anger and fear.},
  Author                   = {S. Tomkins},
  Editor                   = {New York: Springer Publishing Company.},
  Year                     = {1991},

  Owner                    = {max},
  Timestamp                = {2013.07.24}
}

@Article{quest,
  Title                    = {The quest for primary motives: biography and autobiography of an idea.},
  Author                   = {S. Tomkins},
  Journal                  = {J Pers Soc Psychol,},
  Year                     = {1981},
  Pages                    = {306-335},
  Volume                   = {41},

  Owner                    = {max},
  Timestamp                = {2013.07.24}
}

@Book{tomkins2,
  Title                    = {Affect imagery consciousness volume II the negative affects.},
  Author                   = {S. Tomkins},
  Publisher                = {New York: Springer Publishing Company},
  Year                     = {1963},

  Owner                    = {max},
  Timestamp                = {2013.07.24}
}

@Book{tomkins1,
  Title                    = {Affect imagery consciousness volume I the positive affects},
  Author                   = {S. Tomkins},
  Publisher                = {New York: Springer Publishing Company},
  Year                     = {1962},

  Owner                    = {max},
  Timestamp                = {2013.07.24}
}

@InCollection{intelligent_machinery,
  Title                    = {Intelligent Machinery},
  Author                   = {Turing, A.M.},
  Booktitle                = {The Essential Turing: the ideas that gave birth to the Computer Age.},
  Publisher                = {Oxford: Clarendon, 2004},
  Year                     = {1948},
  Editor                   = {Copeland, B.J.},
  Pages                    = {411},

  Owner                    = {max},
  Timestamp                = {2013.07.24}
}

@Article{neuralcorrelatesofhate,
  Title                    = {Neural Correlates of Hate.},
  Author                   = {Semir Zeki and John Paul Romaya},
  Journal                  = {PLoS ONE},
  Year                     = {2008},
  Volume                   = {3(10)},

  Owner                    = {max},
  Timestamp                = {2013.07.24}
}

@Article{on_role_of_emotion,
  Title                    = {On the Role of Emotion in Embodied Cognitive Architectures: From Organisms to Robots},
  Author                   = {Tom Ziemke and Robert Lowe},
  Journal                  = {Cogn Comput},
  Year                     = {2009},
  Pages                    = {104-117},

  Owner                    = {talanovm},
  Timestamp                = {2014.06.02}
}

@comment{jabref-meta: selector_publisher:}

@comment{jabref-meta: selector_author:}

@comment{jabref-meta: selector_journal:}

@comment{jabref-meta: selector_keywords:}

