% This file was created with JabRef 2.7b.
% Encoding: UTF-8

@ARTICLE{anatomic,
  author = {Abrams, J.K. and Johnson, P.L. and Hollis, J.H. and Lowry, C.A.},
  title = {Anatomic and functional topography of the dorsal raphe nucleus},
  journal = {Ann. N. Y. Acad. Sci},
  year = {2004},
  volume = {1018},
  pages = {46–57},
  owner = {max},
  timestamp = {2013.07.29}
}

@CONFERENCE{roleofemotions,
  author = {Hyungil Ahn and Rosalind W. Picard},
  title = {Affective Cognitive Learning and Decision Making: The Role of Emotions},
  booktitle = {The 18th European Meeting on Cybernetics and Systems Research (EMCSR
	2006)},
  year = {2006},
  owner = {max},
  timestamp = {2013.07.24}
}

@CONFERENCE{motivationalrewardframework,
  author = {Hyungil Ahn and Rosalind W. Picard},
  title = {Affective Cognitive Learning and Decision Making: A Motivational
	Reward Framework For Affective Agents},
  booktitle = {The 1st International Conference on Affective Computing and Intelligent
	Interaction, October 22-24, 2005, Beijing,},
  year = {2005},
  owner = {max},
  timestamp = {2013.07.24}
}

@ARTICLE{emotionsbraintorobot,
  author = {Michael Arbib and Jean-Marc Fellous},
  title = {Emotions: from brain to robot},
  journal = {Trends in Cognitive Sciences},
  year = {2004},
  volume = {8(12)},
  pages = {554-559},
  owner = {max},
  timestamp = {2013.07.24}
}

@ARTICLE{parsingreward,
  author = {Kent C. Berridge and Terry E. Robinson},
  title = {Parsing Reward.},
  journal = {Trends in Neurosciences},
  year = {2003},
  volume = {26(9)},
  owner = {max},
  timestamp = {2013.07.24}
}

@BOOK{emotionandsociable,
  title = {Emotion and sociable humanoid robots},
  year = {2002},
  editor = {Elsevier Science},
  author = {Cynthia Breazeal},
  owner = {max},
  timestamp = {2013.07.24}
}

@BOOK{senticcomputing,
  title = {Sentic Computing. Techniques, Tools, and Applications},
  publisher = {Springer},
  year = {2012},
  author = {Erik Cambria and Amir Hussain},
  owner = {max},
  timestamp = {2013.07.24}
}

@INBOOK{hourglass,
  chapter = {The Hourglass of Emotions},
  pages = {144-157},
  title = {Cognitive Behavioural Systems},
  publisher = {Springer},
  year = {2012},
  author = {Erik Cambria and Andrew Livingstone and Amir Hussain},
  owner = {max},
  timestamp = {2013.07.24}
}

@ARTICLE{neuromodulatory,
  author = {Jean-Marc Fellous},
  title = {Neuromodulatory basis of emotion},
  journal = {The Neuro-scientist},
  year = {1999},
  volume = {5},
  pages = {283-294},
  owner = {max},
  timestamp = {2013.07.24}
}

@ARTICLE{evaluatingcomutationalmodel,
  author = {Jonathan Gratch and Stacy Marsella},
  title = {Evaluating a Computational Model of Emotion},
  journal = {Autonomous Agents and Multi-Agent Systems},
  year = {2005},
  volume = {11},
  pages = {23-43},
  owner = {max},
  timestamp = {2013.07.24}
}

@ELECTRONIC{primer_affect_psychology,
  author = {Vernon C. Kelly},
  year = {2009},
  title = {A primer of affect psychology},
  language = {English},
  howpublished = {on-line},
  organization = {The Tomkins Institute.},
  address = {http://www.tomkins.org/uploads/Primer_of_Affect_Psychology.pdf},
  url = {http://www.tomkins.org/uploads/Primer_of_Affect_Psychology.pdf},
  owner = {max},
  timestamp = {2014.01.03}
}

@INPROCEEDINGS{affectivemodelofinterplay,
  author = {Barry Kort and Rob Reilly and Rosalind W. Picard},
  title = {An Affective Model of Interplay Between Emotions and Learning: Reengineering
	Educational Pedagogy-Building a Learning Companion},
  booktitle = {In Proceedings of International Conference on Advanced Learning Technologies
	(ICALT 2001)},
  year = {2001},
  owner = {max},
  timestamp = {2013.07.24}
}

@INCOLLECTION{threelevel,
  author = {Othalia Larue and Pierre Poirier and Roger Nkambou},
  title = {A Three-Level Cognitive Architecture for the Simulation of HumanBehaviour},
  booktitle = {Advances in Artificial Intelligence},
  publisher = {Springer Berlin Heidelberg},
  year = {2012},
  pages = {337-342},
  owner = {max},
  timestamp = {2013.07.24}
}

@ARTICLE{computationalmodelsemotionscognition,
  author = {Jerry Lin and Marc Spraragen and Michael Zyda},
  title = {Computational Models of Emotion and Cognition},
  journal = {Advances in Cognitive Systems},
  year = {2012},
  volume = {2},
  pages = {59-76},
  owner = {max},
  timestamp = {2013.07.24}
}

@ARTICLE{cubeofemotions,
  author = {Hugo Lovheim},
  title = {A new three-dimensional model for emotions and monoamine neurotransmitters},
  journal = {Medical Hypotheses 78},
  year = {2012},
  volume = {78},
  pages = {341-348},
  owner = {max},
  timestamp = {2013.07.24}
}

@INCOLLECTION{computationalmodelsemotion,
  author = {Stacy Marsella and Jonathan Gratch and Paolo Petta},
  title = {Computational Models of Emotion},
  booktitle = {A blueprint for a affective computing: A sourcebook and manual.},
  publisher = {Oxford: Oxford University Press},
  year = {2010},
  editor = {Scherer, K.R. and Bänziger, T. and Roesch, E.},
  journal = {Scherer, K.R., Bänziger, T., \& Roesch, E. (Eds.) A blueprint for
	a affective computing: A sourcebook and manual},
  owner = {max},
  timestamp = {2013.07.24}
}

@BOOK{emotionmachine,
  title = {The Emotion Machine: Commonsense Thinking, Artificial Intelligence,
	and the Future of the Human Mind},
  publisher = {Simon \& Schuster},
  year = {2007},
  author = {Marvin Minsky},
  owner = {max},
  timestamp = {2013.07.25}
}

@INCOLLECTION{whatdoesitmeanforcomputer,
  author = {Rosalind W. Picard},
  title = {What Does it Mean for a Computer to "have" Emotions?},
  booktitle = {Emotions in Humans and Artifacts},
  year = {2001},
  editor = {Trappl, R. and Petta, P. and Payr S.},
  owner = {max},
  timestamp = {2013.07.24}
}

@ARTICLE{affectivecomputingchallanges,
  author = {Rosalind W. Picard},
  title = {Affective Computing: Challenges},
  journal = {International Journal of Human-Computer Studies},
  year = {2003},
  volume = {59},
  pages = {55-64},
  owner = {max},
  timestamp = {2013.07.24}
}

@TECHREPORT{affectivecomputing,
  author = {Rosalind W. Picard},
  title = {Affective Computing},
  institution = {M.I.T Media Laboratory Perceptual Computing Section},
  year = {1995},
  owner = {max},
  timestamp = {2013.07.24}
}

@ARTICLE{natureofemotions,
  author = {Robert Plutchik},
  title = {The Nature of Emotions},
  journal = {American Scientist},
  year = {2001},
  volume = {89(4)},
  pages = {344-350},
  owner = {max},
  timestamp = {2013.07.24}
}

@BOOK{tomkins3,
  title = {Affect imagery consciousness volume III the negative affects anger
	and fear.},
  year = {1991},
  editor = {New York: Springer Publishing Company.},
  author = {S. Tomkins},
  owner = {max},
  timestamp = {2013.07.24}
}

@ARTICLE{quest,
  author = {S. Tomkins},
  title = {The quest for primary motives: biography and autobiography of an
	idea.},
  journal = {J Pers Soc Psychol,},
  year = {1981},
  volume = {41},
  pages = {306-335},
  owner = {max},
  timestamp = {2013.07.24}
}

@BOOK{tomkins2,
  title = {Affect imagery consciousness volume II the negative affects.},
  publisher = {New York: Springer Publishing Company},
  year = {1963},
  author = {S. Tomkins},
  owner = {max},
  timestamp = {2013.07.24}
}

@BOOK{tomkins1,
  title = {Affect imagery consciousness volume I the positive affects},
  publisher = {New York: Springer Publishing Company},
  year = {1962},
  author = {S. Tomkins},
  owner = {max},
  timestamp = {2013.07.24}
}

@INCOLLECTION{intelligent_machinery,
  author = {Turing, A.M.},
  title = {Intelligent Machinery},
  booktitle = {The Essential Turing: the ideas that gave birth to the Computer Age.},
  publisher = {Oxford: Clarendon, 2004},
  year = {1948},
  editor = {Copeland, B.J.},
  pages = {411},
  owner = {max},
  timestamp = {2013.07.24}
}

@ARTICLE{neuralcorrelatesofhate,
  author = {Semir Zeki and John Paul Romaya},
  title = {Neural Correlates of Hate.},
  journal = {PLoS ONE},
  year = {2008},
  volume = {3(10)},
  owner = {max},
  timestamp = {2013.07.24}
}

@comment{jabref-meta: selector_publisher:}

@comment{jabref-meta: selector_author:}

@comment{jabref-meta: selector_journal:}

@comment{jabref-meta: selector_keywords:}

